@misc{galaxynexus,
  author = {{Wikipedia}},
  title = "{Galaxy Nexus}",
  howpublished =
  {\url{http://en.wikipedia.org/wiki/Galaxy_Nexus}},
}

@misc{monsoon1,
  author = {{Monsoon.com}},
  title = "{Monsoon Power Monitor}",
  howpublished =
  {\url{http://www.msoon.com/LabEquipment/PowerMonitor/}},
}

@inproceedings{peek2006ensemblue,
  title={EnsemBlue: Integrating distributed storage and consumer electronics},
  author={Peek, Daniel and Flinn, Jason},
  booktitle={Proceedings of the 7th symposium on Operating systems design and implementation},
  pages={219--232},
  year={2006},
  organization={USENIX Association}
}

@article{strauss2010device,
  title={Device transparency: a new model for mobile storage},
  author={Strauss, Jacob and Lesniewski-Laas, Chris and Paluska, Justin Mazzola and Ford, Bryan and Morris, Robert and Kaashoek, Frans},
  journal={ACM SIGOPS Operating Systems Review},
  volume={44},
  number={1},
  pages={5--9},
  year={2010},
  publisher={ACM}
}

@inproceedings{mashtizadeh2013replication,
  title={Replication, history, and grafting in the Ori file system},
  author={Mashtizadeh, Ali Jos{\'e} and Bittau, Andrea and Huang, Yifeng Frank and Mazi{\`e}res, David},
  booktitle={Proceedings of the Twenty-Fourth ACM Symposium on Operating Systems Principles},
  pages={151--166},
  year={2013},
  organization={ACM}
}

@inproceedings{ramasubramanian2009cimbiosys,
  title={Cimbiosys: A platform for content-based partial replication},
  author={Ramasubramanian, Venugopalan and Rodeheffer, Thomas L and Terry, Douglas B and Walraed-Sullivan, Meg and Wobber, Ted and Marshall, Catherine C and Vahdat, Amin},
  booktitle={Proceedings of the 6th USENIX symposium on Networked systems design and implementation},
  pages={261--276},
  year={2009}
}

@inproceedings{guy1990implementation,
  title={Implementation of the Ficus Replicated File System.},
  author={Guy, Richard G and Heidemann, John S and Mak, Wai-Kei and Page Jr, Thomas W and Popek, Gerald J and Rothmeier, Dieter and others},
  booktitle={USENIX Summer},
  pages={63--72},
  year={1990}
}

@article{kistler1992disconnected,
  title={Disconnected operation in the Coda file system},
  author={Kistler, James J and Satyanarayanan, Mahadev},
  journal={ACM Transactions on Computer Systems (TOCS)},
  volume={10},
  number={1},
  pages={3--25},
  year={1992},
  publisher={ACM}
}

@inproceedings{nandugudi2013phonelab,
  title={PhoneLab: A Large Programmable Smartphone Testbed},
  author={Nandugudi, Anandatirtha and Maiti, Anudipa and Ki, Taeyeon and Bulut, Fatih and Demirbas, Murat and Kosar, Tevfik and Qiao, Chunming and Ko, Steven Y and Challen, Geoffrey},
  booktitle={Proceedings of First International Workshop on Sensing and Big Data Mining},
  pages={1--6},
  year={2013},
  organization={ACM}
}

@article{nowicki1989nfs,
  title={Nfs: Network file system protocol specification},
  author={Nowicki, Bill},
  year={1989}
}

@misc{androidx86,
  title = {{Run Android on Your PC}},
  howpublished = "\url{http://www.android-x86.org/}",
  year = {2014},
}

@misc{dropbox,
  title = {{Your Stuff, Anywhere}},
  howpublished = "\url{http://www.dropbox.com/}",
  year = {2014},
}

@misc{googledrive,
  title = {{One account.  All of Google.}},
  howpublished = "\url{https://drive.google.com}",
  year = {2014},
}

@inproceedings{belaramani2006practi,
  title={PRACTI Replication.},
  author={Belaramani, Nalini Moti and Dahlin, Michael and Gao, Lei and Nayate, Amol and Venkataramani, Arun and Yalagandula, Praveen and Zheng, Jiandan},
  booktitle={NSDI},
  volume={6},
  pages={5--5},
  year={2006}
}

@misc{monsoon,
  title = {{Monsoon Solutions Inc. Power Monitor}},
  howpublished = "\url{http://www.msoon.com/LabEquipment/PowerMonitor/}",
  year = {2014},
}

@article{reed1960polynomial,
  title={Polynomial codes over certain finite fields},
  author={Reed, Irving S and Solomon, Gustave},
  journal={Journal of the Society for Industrial \& Applied Mathematics},
  volume={8},
  number={2},
  pages={300--304},
  year={1960},
  publisher={SIAM}
}

@misc{sqllite,
  title = {{SQLite}},
  howpublished = "\url{https://sqlite.org/}",
  year = {2014},
}

@misc{playstore,
  title = {{Google Play}},
  howpublished = "\url{https://play.google.com/}",
  year = {2014},
}

@misc{timemachine,
  title = {{Time Machine}},
  howpublished = "\url{www.apple.com/support/timemachine}",
  year = {2014},
}

@misc{att-prices,
  title = {{Cell Phone and Device Plans}},
  howpublished = "\url{http://www.att.com/att/planner/#fbid=953023ogGww}",
  year = {2014},
}

@misc{verizon-prices,
  title = {{Choose Your Single Line Plan},
  howpublished = "\url{http://www.verizonwireless.com/wcms/consumer/shop/shop-data-plans/single-line-data-plans.html}",
  year = {2014},
}

